@misc{Syzkaller,
  author = {google},
  title = {Syzkaller},
  year = {2024},
  publisher = {GitHub},
  journal = {GitHub repository},
  howpublished = {\url{https://github.com/google/syzkaller}},
}

@misc{SyzkallerExternalNetworking,
  title = {{Syzkaller networking}},
  howpublished = {\url{https://xairy.io/articles/syzkaller-external-network#-about-syzkaller}},
  note = {Accessed: 2024-06-10}
}

@misc{LinuxDocs,
  title = {{Linux}},
  howpublished = {\url{https://docs.kernel.org}},
  note = {Accessed: 2024-06-10}
}


